@misc{espidf,
    title={ ESP-IDF Programming Guide},
    howpublished={[online]},
    note={[vid.~2020-12-15]},
    url={https://docs.espressif.com/projects/esp-idf/en/latest/esp32},
    key=1
}

@misc{espidfgithub,
    title={ESP-IDF Github + examples},
    howpublished={[online]},
    note={[vid.~2020-12-15]},
    url={https://github.com/espressif/esp-idf},
    key=2
}

@misc{espcam,
    title={ESP32 Camera driver},
    howpublished={[online]},
    note={[vid.~2020-12-15]},
    url={https://github.com/espressif/esp32-camera},
    key=3
}

@misc{rgbled,
    title={RGB LED library},
    howpublished={[online]},
    note={[vid.~2020-12-15]},
    url={https://github.com/Lucas-Bruder/ESP32\_LED_STRIP},
    key=4
}
